
\bibliographystyle{./IEEEtran}
\bibliography{./IEEEabrv,./DB}

}
@article{s1,
	title={{what is google classroom}},
author={ google},
  url={https://edtechmagazine.com/k12/article/2014/08/google-opens-classrooms-door.}
}

@article{s2,
title = {{learning how to use google classroom API}},
      author={google blog},
  url={http://www.googblogs.com/tag/google-classroom/
}
}
@article{s3,
title = {{introduction of google classroom API}},
  url={"https://edtechmagazine.com/k12/article/2015/06/iste-2015-google-classroom-expands-api-tools"
}
}
@article{s4,
title = {{ Further learning how to use google classroom API}},
  url={https://edu.google.com/k-12-solutions/classroom/
}
}
@article{s5,
title = {{The functionality of google classroom API}},
author={ Zach Yeskel .},
  url={http://googleforeducation.blogspot.ug/2015/08/general-availability-for-classroom-api.html
}
}

@article{s6,
title = {{The intergration of google classroom API in Appscript}},
  url={https://developers.google.com/apps-script/?hl=en
}
}


